<?xml version="1.0" encoding="UTF-8"?><record xmlns="http://www.loc.gov/MARC21/slim" xmlns:cinclude="http://apache.org/cocoon/include/1.0" xmlns:zs="http://www.loc.gov/zing/srw/">
  <leader>00685nz  a2200157n  4500</leader>
  <controlfield tag="001">no2009108084</controlfield>
  <controlfield tag="003">DLC</controlfield>
  <controlfield tag="005">20090716075524.0</controlfield>
  <controlfield tag="008">090714n| acannaabn          |b aaa     c</controlfield>
  <datafield tag="010" ind1=" " ind2=" ">
    <subfield code="a">no2009108084</subfield>
  </datafield>
  <datafield tag="035" ind1=" " ind2=" ">
    <subfield code="a">(OCoLC)oca08170892</subfield>
  </datafield>
  <datafield tag="040" ind1=" " ind2=" ">
    <subfield code="a">HkUST</subfield>
    <subfield code="b">eng</subfield>
    <subfield code="c">HkUST</subfield>
  </datafield>
  <datafield tag="100" ind1="1" ind2=" ">
    <subfield code="a">Zhang, Xiaoli,</subfield>
    <subfield code="d">1973-</subfield>
  </datafield>
  <datafield tag="400" ind1="1" ind2=" ">
    <subfield code="a">张小莉,</subfield>
    <subfield code="d">1973-</subfield>
  </datafield>
  <datafield tag="667" ind1=" " ind2=" ">
    <subfield code="a">Non-Latin script reference not evaluated.</subfield>
  </datafield>
  <datafield tag="670" ind1=" " ind2=" ">
    <subfield code="a">Yi ge xin xing yi min she qu de cun zhi mo shi, 2009:</subfield>
    <subfield code="b">t.p. (张小莉 = Zhang Xiaoli) front flap (female; b. 1973; native of Liaoning Fuxin; assoc. prof., Zhong gong Liaoning Sheng wei dang xiao zheng zhi xue bu; doctoral candidate, Liaoning shi fan da xue zheng zhi yu xing zheng xue yuan)</subfield>
  </datafield>
</record>